
%HESS paper describing data format
%related doi= {https://doi.org/10.48550/arXiv.1810.04516}
@misc{hess-zenodo.1421098,
  doi = {10.5281/ZENODO.1421098},
  url = {https://zenodo.org/record/1421098},
  author = {{H.E.S.S.~Collaboration}},
  keywords = {astronomy, gamma-ray, data, open, H.E.S.S.},
  language = {en},
  title = {H.E.S.S. First Public Test Data Release},
  publisher = {Zenodo},
  year = {2018},
  copyright = {Open Access}
}

%reproducible analysis
@ARTICLE{2019A&A...625A..10N,
       author = {{Nigro}, C. and {Deil}, C. and {Zanin}, R. and {Hassan}, T. and {King}, J. and {Ruiz}, J.~E. and {Saha}, L. and {Terrier}, R. and {Br{\"u}gge}, K. and {N{\"o}the}, M. and {Bird}, R. and {Lin}, T.~T.~Y. and {Aleksi{\'c}}, J. and {Boisson}, C. and {Contreras}, J.~L. and {Donath}, A. and {Jouvin}, L. and {Kelley-Hoskins}, N. and {Khelifi}, B. and {Kosack}, K. and {Rico}, J. and {Sinha}, A.},
        title = "{Towards open and reproducible multi-instrument analysis in gamma-ray astronomy}",
      journal = {\aap},
     keywords = {methods: data analysis, gamma rays: general, Astrophysics - High Energy Astrophysical Phenomena, Astrophysics - Instrumentation and Methods for Astrophysics},
         year = 2019,
        month = may,
       volume = {625},
          eid = {A10},
        pages = {A10},
          doi = {10.1051/0004-6361/201834938},
archivePrefix = {arXiv},
       eprint = {1903.06621},
 primaryClass = {astro-ph.HE},
       adsurl = {https://ui.adsabs.harvard.edu/abs/2019A&A...625A..10N},
      adsnote = {Provided by the SAO/NASA Astrophysics Data System}
}
% formats to distribute High energy data
%OGIP
%GADF

@INPROCEEDINGS{2017AIPC.1792g0006D,
       author = {{Deil}, Christoph and {Boisson}, Catherine and {Kosack}, Karl and {Perkins}, Jeremy and {King}, Johannes and {Eger}, Peter and {Mayer}, Michael and {Wood}, Matthew and {Zabalza}, Victor and {Kn{\"o}dlseder}, J{\"u}rgen and {Hassan}, Tarek and {Mohrmann}, Lars and {Ziegler}, Alexander and {Khelifi}, Bruno and {Dorner}, Daniela and {Maier}, Gernot and {Pedaletti}, Giovanna and {Rosado}, Jaime and {Contreras}, Jos{\'e} Luis and {Lefaucheur}, Julien and {Br{\"u}gge}, Kai and {Servillat}, Mathieu and {Terrier}, R{\'e}gis and {Walter}, Roland and {Lombardi}, Saverio},
        title = "{Open high-level data formats and software for gamma-ray astronomy}",
     keywords = {Astrophysics - Instrumentation and Methods for Astrophysics, Astrophysics - High Energy Astrophysical Phenomena},
    booktitle = {6th International Symposium on High Energy Gamma-Ray Astronomy},
         year = 2017,
       series = {American Institute of Physics Conference Series},
       volume = {1792},
        month = jan,
    publisher = {AIP},
          eid = {070006},
        pages = {070006},
          doi = {10.1063/1.4969003},
archivePrefix = {arXiv},
       eprint = {1610.01884},
 primaryClass = {astro-ph.IM},
       adsurl = {https://ui.adsabs.harvard.edu/abs/2017AIPC.1792g0006D},
      adsnote = {Provided by the SAO/NASA Astrophysics Data System}
}

@article{2021-DF,
title={Evolution of Data Formats in Very-High-Energy Gamma-Ray Astronomy},
volume={7}, ISSN={2218-1997},
url={http://dx.doi.org/10.3390/universe7100374},
DOI={10.3390/universe7100374},
number={10},
journal={Universe},
publisher={MDPI AG},
author={Nigro, Cosimo and Hassan, Tarek and Olivera-Nieto, Laura}, year={2021},
month={Oct},
pages={374}
}

@ARTICLE{2022A&A...667A..36A,
       author = {{Albert}, A. and {Alfaro}, R. and {Arteaga-Vel{\'a}zquez}, J.~C. and {Ayala Solares}, H.~A. and {Babu}, R. and {Belmont-Moreno}, E. and {Brisbois}, C. and {Caballero-Mora}, K.~S. and {Capistr{\'a}n}, T. and {Carrami{\~n}ana}, A. and {Casanova}, S. and {Chaparro-Amaro}, O. and {Cotti}, U. and {Cotzomi}, J. and {Couti{\~n}o de Le{\'o}n}, S. and {De la Fuente}, E. and {Diaz Hernandez}, R. and {DuVernois}, M.~A. and {Durocher}, M. and {Espinoza}, C. and {Fan}, K.~L. and {Fern{\'a}ndez Alonso}, M. and {Fraija}, N. and {Garc{\'\i}a-Gonz{\'a}lez}, J.~A. and {Goksu}, H. and {Gonz{\'a}lez}, M.~M. and {Goodman}, J.~A. and {Harding}, J.~P. and {Hinton}, J. and {Huang}, D. and {Hueyotl-Zahuantitla}, F. and {H{\"u}ntemeyer}, P. and {Jardin-Blicq}, A. and {Joshi}, V. and {Linnemann}, J.~T. and {Longinotti}, A.~L. and {Luis-Raya}, G. and {Malone}, K. and {Marandon}, V. and {Martinez}, O. and {Mart{\'\i}nez-Castro}, J. and {Matthews}, J.~A. and {Miranda-Romagnoli}, P. and {Morales-Soto}, J.~A. and {Moreno}, E. and {Mostaf{\'a}}, M. and {Nayerhoda}, A. and {Nellen}, L. and {Nisa}, M.~U. and {Noriega-Papaqui}, R. and {Olivera-Nieto}, L. and {P{\'e}rez-P{\'e}rez}, E.~G. and {Rho}, C.~D. and {Rosa-Gonz{\'a}lez}, D. and {Ruiz-Velasco}, E. and {Salazar-Gallegos}, D. and {Salesa Greus}, F. and {Sandoval}, A. and {Schoorlemmer}, H. and {Serna-Franco}, J. and {Smith}, A.~J. and {Son}, Y. and {Springer}, R.~W. and {Tollefson}, K. and {Torres}, I. and {Torres-Escobedo}, R. and {Turner}, R. and {Ure{\~n}a-Mena}, F. and {Villase{\~n}or}, L. and {Wang}, X. and {Watson}, I.~J. and {Willox}, E. and {Zhou}, H. and {de Le{\'o}n}, C. and {Zepeda}, A. and {HAWC Collaboration} and {Donath}, A. and {Funk}, S.},
        title = "{Validation of standardized data formats and tools for ground-level particle-based gamma-ray observatories}",
      journal = {\aap},
     keywords = {methods: data analysis, gamma rays: general, Astrophysics - Instrumentation and Methods for Astrophysics, Astrophysics - High Energy Astrophysical Phenomena},
         year = 2022,
        month = nov,
       volume = {667},
          eid = {A36},
        pages = {A36},
          doi = {10.1051/0004-6361/202243527},
archivePrefix = {arXiv},
       eprint = {2203.05937},
 primaryClass = {astro-ph.IM},
       adsurl = {https://ui.adsabs.harvard.edu/abs/2022A&A...667A..36A},
      adsnote = {Provided by the SAO/NASA Astrophysics Data System}
}

@INPROCEEDINGS{2019ASPC..523..313B,
        author = {{Bonnarel}, Fran{\c{c}}ois and {Louys}, M. and {Mantelet}, G. and {Nullmeier}, M. and {Servillat}, M. and {Riebe}, K. and {Sanguillon}, M.},
        title = "{ProvTAP: A TAP Service for Providing IVOA Provenance Metadata}",
        booktitle = {ADASS XXVIII},
        year = 2019,
        editor = {{Teuben}, Peter J. and {Pound}, Marc W. and {Thomas}, Brian A. and {Warner}, Elizabeth M.},
        series = {ASP Conf. Ser.},
        volume = {523},
        month = oct,
        pages = {313},
        adsurl = {https://ui.adsabs.harvard.edu/abs/2019ASPC..523..313B},
        adsnote = {Provided by the SAO/NASA Astrophysics Data System}
}


@INPROCEEDINGS{2019ASPC..521..469S,
       author = {{Servillat}, Mathieu and {Boisson}, Catherine and {Lefaucheur}, Julien and {Breg{\'e}on}, Johan and {Sanguillon}, Mich{\`e}le and {Contreras}, Jose-Luis},
        title = "{Structuring Metadata for the Cherenkov Telescope Array}",
     keywords = {Astrophysics - Instrumentation and Methods for Astrophysics},
    booktitle = {Astronomical Data Analysis Software and Systems XXVI},
         year = 2019,
       editor = {{Molinaro}, Marco and {Shortridge}, Keith and {Pasian}, Fabio},
       series = {Astronomical Society of the Pacific Conference Series},
       volume = {521},
        month = oct,
        pages = {469},
archivePrefix = {arXiv},
       eprint = {arXiv:1706.06512},
 primaryClass = {astro-ph.IM},
       adsurl = {https://ui.adsabs.harvard.edu/abs/2019ASPC..521..469S},
      adsnote = {Provided by the SAO/NASA Astrophysics Data System}
}

@misc{std:W3CProvDM,
    editor = {Luc Moreau and Paolo Missier},
    author = {Luc Moreau and Paolo Missier and Khalid Belhajjame and Reza B'Far and James Cheney and Sam Coppens and Stephen Cresswell and Yolanda Gil and Paul Groth and Graham Klyne and Timothy Lebo and Jim McCusker and Simon Miles and James Myers and Satya Sahoo and Curt Tilmes},
    title = {{PROV-DM}: The PROV Data Model},
    howpublished = {{W3C Recommendation}},
    month =        apr,
    year =         2013,
    url =          {http://www.w3.org/TR/prov-dm}
}

@misc{unbehaun2023prospects,
      title={Prospects for combined analyses of hadronic emission from $\gamma$-ray sources in the Milky Way with CTA and KM3NeT},
      author={T. Unbehaun, L. Mohrmann, et al.},
      year={2023},
      eprint={2309.03007},
      archivePrefix={arXiv},
      primaryClass={astro-ph.HE}
}

% Gammapy
@article{gammapy:2023,
    author = {{Donath}, Axel and {Terrier}, R\'egis and {Remy}, Quentin and {Sinha}, Atreyee and {Nigro}, Cosimo and
        {Pintore}, Fabio and {Kh\'elifi}, Bruno and {Olivera-Nieto}, Laura and {Ruiz}, Jose Enrique and
        {Br\"ugge}, Kai and {Linhoff}, Maximilian and {Contreras}, Jose Luis and {Acero}, Fabio and
        {Aguasca-Cabot}, Arnau and {Berge}, David and {Bhattacharjee}, Pooja and {Buchner}, Johannes and
        {Boisson}, Catherine and {Carreto Fidalgo}, David and {Chen}, Andrew and {de Bony de Lavergne}, Mathieu and
        {de Miranda Cardoso}, Jos\'e Vinicius and {Deil}, Christoph and {F\"u\ss{}ling}, Matthias and
        {Funk}, Stefan and {Giunti}, Luca and {Hinton}, Jim and {Jouvin}, L\'ea and {King}, Johannes and
        {Lefaucheur}, Julien and {Lemoine-Goumard}, Marianne and {Lenain}, Jean-Philippe and {L\'opez-Coto}, Rub\'en
        and {Mohrmann}, Lars and {Morcuende}, Daniel and {Panny}, Sebastian and {Regeard}, Maxime and {Saha}, Lab
        and {Siejkowski}, Hubert and {Siemiginowska}, Aneta and {Sip"ocz}, Brigitta M. and {Unbehaun}, Tim
        and {van Eldik}, Christopher and {Vuillaume}, Thomas and {Zanin}, Roberta},
    title = {Gammapy: A Python package for gamma-ray astronomy},
    DOI= "10.1051/0004-6361/202346488",
    url= "https://doi.org/10.1051/0004-6361/202346488",
    journal = {A&A},
    year = 2023,
    volume = 678,
    pages = "A157",
}